@article{tang,
  title={SVMs modeling for highly imbalanced classification},
  author={Tang, Y. and Zhang, Y.Q. and Chawla, N.V. and Krasser, S.},
  journal={IEEE Transactions on Systems, Man, and Cybernetics, Part B (Cybernetics)},
  volume={39},
  number={1},
  pages={281--288},
  year={2009},
  publisher={IEEE},
}

@article{transformer,                     
  title={Transformer models for text-based emotion detection: a review of BERT-based approaches},
  author={Acheampong, Francis A and Nunoo-Mensah, Henry and Chen, Wei},
  journal={Artificial Intelligence Review},
  volume={54},
  number={8},
  pages={5789--5829},
  year={2021},
  publisher={Springer},
  doi={10.1007/s10462-021-09958-2},
}

@article{article,
author = {Hochreiter, Sepp and Schmidhuber, Jürgen},
year = {1997},
month = {12},
pages = {1735-80},
title = {Long Short-term Memory},
volume = {9},
journal = {Neural computation},
doi = {10.1162/neco.1997.9.8.1735}
}

@inproceedings{dey,
  title={Gate-variants of gated recurrent unit (GRU) neural networks},
  author={Dey, Rahul and Salem, Fathi M},
  booktitle={2017 IEEE 60th International Midwest Symposium on Circuits and Systems (MWSCAS)},
  organization={IEEE},
  year={2017},
}

@inproceedings{cho,
  title={Learning phrase representations using RNN encoder-decoder for statistical machine translation},
  author={Cho, Kyunghyun and Van Merri{\"e}nboer, Bart and Gulcehre, Caglar and Bahdanau, Dzmitry and Bougares, Fethi and Schwenk, Holger and Bengio, Yoshua},
  booktitle={Conference on Empirical Methods in Natural Language Processing (EMNLP)},
  year={2014},
}

@inproceedings{wei,
  title={Microblog sentiment classification method based on dual attention mechanism and bidirectional LSTM},
  author={Wei, Wenjie and others},
  booktitle={Chinese Lexical Semantics: 20th Workshop, CLSW 2019, Beijing, China, June 28–30, 2019, Revised Selected Papers},
  volume={20},
  publisher={Springer International Publishing},
  year={2020},
}

@article{bat,
  title={Semantic-emotion neural network for emotion recognition from text},
  author={Batbaatar, Erdenebileg and Li, Meijing and Ryu, Keun Ho},
  journal={IEEE Access},
  volume={7},
  pages={111866--111878},
  year={2019},
  publisher={IEEE},
}

@inproceedings{trojan,
  title={Emotion recognition through keystroke dynamics on touchscreen keyboards},
  author={Trojahn, Matthias and Arndt, Florian and Weinmann, Martin and Ortmeier, Frank},
  booktitle={ICEIS (3)},
  pages={31--37},
  year={2013},
}

@article{ciman,                    
  
  title={Individuals’ stress assessment using human-smartphone interaction analysis},
  author={Ciman, Matteo and Wac, Katarzyna},
  journal={IEEE Transactions on Affective Computing},
  volume={PP},
  number={99},
  year={2016},
}

@inproceedings{devlin,
  title={BERT: pre-training of deep bidirectional transformers for language understanding},
  author={Devlin, Jacob and Chang, Ming-Wei and Lee, Kenton and Toutanova, Kristina},
  booktitle={Association for Computational Linguistics},
  year={2018},
}



